@Article{rstan,
   Author="Guo, Jiqiang, Jonah Gabry, Ben Goodrich, and Sebastian Weber",
   Title="Rstan: R Interface to Stan",
   Journal="J Aging Health",
   howpublished = "https://CRAN.R-project.org/package=rstan",
   Year="2020"
}
@Article{Alicia,
   Author="Alicia A. Johnson, Miles Q. Ott, Mine Dogucu",
   Title="Bayes Rules!:An Introduction to Applied Bayesian Modeling",
   Year="2022",
   Publisher = "Chapman and Hall/CRC"
}



. . .